@incollection{EndertonHerbertB2001AMIt,
publisher = {Elsevier Science & Technology},
isbn = {0122384520},
year = {2001},
title = {A Mathematical Introduction to Logic},
language = {eng},
address = {United States},
author = {Enderton, Herbert B and Enderton, Herbert},
keywords = {Logic Symbolic and mathematical ; Mathematics},
}

