@book{van1998tame,
  title={Tame topology and o-minimal structures},
  author={Van den Dries, Lou},
  series = {London Mathematical Society lecture note series},
  volume={248},
  year={1998},
  publisher={Cambridge University Press},
  isbn = {9780511525919},
},
@book{EndertonHerbertB2001AMIt,
publisher = {Elsevier Science and Technology},
isbn = {0122384520},
year = {2001},
title = {A Mathematical Introduction to Logic},
language = {eng},
address = {United States},
author = {Enderton, Herbert B and Enderton, Herbert},
keywords = {Logic Symbolic and mathematical ; Mathematics},
},
@book{krivine1998th√©orie,
  title={Th{\'e}orie des ensembles},
  author={Krivine, J.L.},
  isbn={9782842250140},
  series={Nouvelle biblioth{\`e}que math{\'e}matique},
  url={https://books.google.at/books?id=O4A2AAAACAAJ},
  year={1998},
  publisher={Cassini}
}